<record><leader>00000cas a22000007a 4500</leader><controlfield tag="001">9994361</controlfield><controlfield tag="008">831008d18731889ohuwr ne      0    0eng d</controlfield><datafield ind1=" " ind2=" " tag="010"><subfield code="a">sn 83035508 </subfield></datafield><datafield ind1=" " ind2=" " tag="040"><subfield code="a">NPY</subfield><subfield code="b">eng</subfield><subfield code="c">NPY</subfield><subfield code="d">ONP</subfield><subfield code="d">NPH</subfield><subfield code="d">ONP</subfield><subfield code="d">OCLCQ</subfield></datafield><datafield ind1=" " ind2=" " tag="042"><subfield code="a">msc</subfield></datafield><datafield ind1="0" ind2="4" tag="245"><subfield code="a">The Salem era.</subfield></datafield><datafield ind1=" " ind2=" " tag="260"><subfield code="a">Salem, Ohio :</subfield><subfield code="b">J.M. Hole &amp; J.B. Park</subfield></datafield><datafield ind1=" " ind2=" " tag="300"><subfield code="a">v.</subfield></datafield><datafield ind1=" " ind2=" " tag="310"><subfield code="a">Weekly</subfield></datafield><datafield ind1="1" ind2=" " tag="362"><subfield code="a">Began with Mar. 5, 1873 issue; ceased with Dec. 27, 1889 issue?</subfield></datafield><datafield ind1=" " ind2=" " tag="500"><subfield code="a">"A journal of general and local intelligence."</subfield></datafield><datafield ind1=" " ind2=" " tag="500"><subfield code="a">"Republican."</subfield></datafield><datafield ind1=" " ind2=" " tag="588"><subfield code="a">Description based on: Vol. 1, no. 13 (May 28, 1873).</subfield></datafield><datafield ind1=" " ind2=" " tag="752"><subfield code="a">United States</subfield><subfield code="b">Ohio</subfield><subfield code="c">Columbiana</subfield><subfield code="d">Salem.</subfield></datafield><datafield ind1="0" ind2=" " tag="775"><subfield code="t">Salem daily era</subfield><subfield code="w">(DLC)sn 88078291</subfield></datafield><datafield ind1="0" ind2="7" tag="785"><subfield code="t">Salem Republican (Salem, Ohio : Weekly)</subfield><subfield code="w">(DLC)sn 83035509</subfield></datafield><datafield ind1="0" ind2="7" tag="785"><subfield code="t">Salem Republican-era (Salem, Ohio : Weekly)</subfield><subfield code="w">(DLC)sn 88078303</subfield></datafield></record>